@misc{Vaswani_2017,
	doi = {10.48550/ARXIV.1706.03762},
	
	url = {https://arxiv.org/abs/1706.03762},
	
	author = {Vaswani, Ashish and Shazeer, Noam and Parmar, Niki and Uszkoreit, Jakob and Jones, Llion and Gomez, Aidan N. and Kaiser, Lukasz and Polosukhin, Illia},
	
	keywords = {Computation and Language (cs.CL), Machine Learning (cs.LG), FOS: Computer and information sciences, FOS: Computer and information sciences},
	
	title = {Attention Is All You Need},
	
	publisher = {arXiv},
	
	year = {2017},
	
	copyright = {arXiv.org perpetual, non-exclusive license}
}


@misc{Choromanski_2020,
	doi = {10.48550/ARXIV.2009.14794},
	
	url = {https://arxiv.org/abs/2009.14794},
	
	author = {Choromanski, Krzysztof and Likhosherstov, Valerii and Dohan, David and Song, Xingyou and Gane, Andreea and Sarlos, Tamas and Hawkins, Peter and Davis, Jared and Mohiuddin, Afroz and Kaiser, Lukasz and Belanger, David and Colwell, Lucy and Weller, Adrian},
	
	keywords = {Machine Learning (cs.LG), Computation and Language (cs.CL), Machine Learning (stat.ML), FOS: Computer and information sciences, FOS: Computer and information sciences},
	
	title = {Rethinking Attention with Performers},
	
	publisher = {arXiv},
	
	year = {2020},
	
	copyright = {arXiv.org perpetual, non-exclusive license}
}


@misc{Choromanski_2017,
	doi = {10.48550/ARXIV.1703.00864},
	
	url = {https://arxiv.org/abs/1703.00864},
	
	author = {Choromanski, Krzysztof and Rowland, Mark and Weller, Adrian},
	
	keywords = {Machine Learning (stat.ML), Computation (stat.CO), FOS: Computer and information sciences, FOS: Computer and information sciences},
	
	title = {The Unreasonable Effectiveness of Structured Random Orthogonal Embeddings},
	
	publisher = {arXiv},
	
	year = {2017},
	
	copyright = {arXiv.org perpetual, non-exclusive license}
}


@article{Rae_2019,
	author    = {Jack W. Rae and
	Anna Potapenko and
	Siddhant M. Jayakumar and
	Timothy P. Lillicrap},
	title     = {Compressive Transformers for Long-Range Sequence Modelling},
	journal   = {CoRR},
	volume    = {abs/1911.05507},
	year      = {2019},
	url       = {http://arxiv.org/abs/1911.05507},
	eprinttype = {arXiv},
	eprint    = {1911.05507},
	timestamp = {Mon, 02 Dec 2019 13:44:01 +0100},
	biburl    = {https://dblp.org/rec/journals/corr/abs-1911-05507.bib},
	bibsource = {dblp computer science bibliography, https://dblp.org}
}
